<record><leader>00000cas a2200000 a 4500</leader><controlfield tag="001">13777855</controlfield><controlfield tag="008">860625d18751894tnuwr ne      0    0eng c</controlfield><datafield ind1=" " ind2=" " tag="010"><subfield code="a">sn 86053520 </subfield></datafield><datafield ind1=" " ind2=" " tag="040"><subfield code="a">NPX</subfield><subfield code="b">eng</subfield><subfield code="c">NPX</subfield><subfield code="d">KNP</subfield><subfield code="d">TGN</subfield><subfield code="d">OBN</subfield><subfield code="d">OCLCQ</subfield><subfield code="d">CUI</subfield><subfield code="d">OCLCQ</subfield><subfield code="d">OCLCA</subfield><subfield code="d">OCLCF</subfield></datafield><datafield ind1="1" ind2=" " tag="029"><subfield code="a">AU@</subfield><subfield code="b">000025791261</subfield></datafield><datafield ind1=" " ind2=" " tag="042"><subfield code="a">pcc</subfield></datafield><datafield ind1=" " ind2=" " tag="043"><subfield code="a">n-us-tn</subfield></datafield><datafield ind1=" " ind2="4" tag="050"><subfield code="a">AN</subfield></datafield><datafield ind1="0" ind2=" " tag="130"><subfield code="a">Weekly American (Nashville, Tenn.)</subfield></datafield><datafield ind1="1" ind2="0" tag="245"><subfield code="a">Weekly American.</subfield></datafield><datafield ind1="3" ind2=" " tag="246"><subfield code="a">Nashville weekly American</subfield></datafield><datafield ind1=" " ind2=" " tag="260"><subfield code="a">Nashville, Tenn. :</subfield><subfield code="b">[Union and American Pub. Co.]</subfield></datafield><datafield ind1=" " ind2=" " tag="300"><subfield code="a">v.</subfield></datafield><datafield ind1=" " ind2=" " tag="310"><subfield code="a">Weekly</subfield></datafield><datafield ind1="1" ind2=" " tag="362"><subfield code="a">Began with Sept. 9, 1875 issue; ceased in Mar. 1894.</subfield></datafield><datafield ind1=" " ind2=" " tag="500"><subfield code="a">Publishers: Union and American Pub. Co., 1875-1876; American Co., 1876-&lt;1890&gt;; American Pub. Co., &lt;1891&gt;-1894.</subfield></datafield><datafield ind1=" " ind2=" " tag="580"><subfield code="a">Formed by the union of: Nashville union and American (Nashville, Tenn. : Weekly), and: Republican banner (Nashville, Tenn. : Weekly).</subfield></datafield><datafield ind1=" " ind2=" " tag="580"><subfield code="a">Daily eds.: American (Nashville, Tenn.); Daily American (Nashville, Tenn.).</subfield></datafield><datafield ind1=" " ind2=" " tag="588"><subfield code="a">Description based on: Vol. 1, no. 18 (Jan. 6, 1876).</subfield></datafield><datafield ind1=" " ind2="0" tag="651"><subfield code="a">Nashville (Tenn.)</subfield><subfield code="v">Newspapers.</subfield></datafield><datafield ind1=" " ind2="0" tag="651"><subfield code="a">Davidson County (Tenn.)</subfield><subfield code="v">Newspapers.</subfield></datafield><datafield ind1=" " ind2="7" tag="655"><subfield code="a">Newspapers.</subfield><subfield code="2">fast</subfield><subfield code="0">(OCoLC)fst01423814</subfield></datafield><datafield ind1=" " ind2="7" tag="651"><subfield code="a">Tennessee</subfield><subfield code="z">Davidson County.</subfield><subfield code="2">fast</subfield><subfield code="0">(OCoLC)fst01205346</subfield></datafield><datafield ind1=" " ind2="7" tag="651"><subfield code="a">Tennessee</subfield><subfield code="z">Nashville.</subfield><subfield code="2">fast</subfield><subfield code="0">(OCoLC)fst01204195</subfield></datafield><datafield ind1=" " ind2=" " tag="752"><subfield code="a">United States</subfield><subfield code="b">Tennessee</subfield><subfield code="c">Davidson</subfield><subfield code="d">Nashville.</subfield></datafield><datafield ind1="1" ind2=" " tag="775"><subfield code="t">American (Nashville, Tenn.)</subfield><subfield code="w">(DLC)sn 86071145</subfield><subfield code="w">(OCoLC)13190851</subfield></datafield><datafield ind1="1" ind2=" " tag="775"><subfield code="t">Daily American (Nashville, Tenn.)</subfield><subfield code="w">(DLC)sn 85052217</subfield><subfield code="w">(OCoLC)12953467</subfield></datafield><datafield ind1="1" ind2="4" tag="780"><subfield code="t">Nashville union and American (Nashville, Tenn. : 1868 : Weekly)</subfield><subfield code="w">(DLC)sn 85033701</subfield><subfield code="w">(OCoLC)12190409</subfield></datafield><datafield ind1="1" ind2="4" tag="780"><subfield code="t">Republican banner (Nashville, Tenn. : Weekly)</subfield><subfield code="w">(DLC)sn 84024453</subfield><subfield code="w">(OCoLC)11015581</subfield></datafield><datafield ind1="0" ind2="0" tag="785"><subfield code="t">Semi-weekly American (Nashville, Tenn. : 1894)</subfield><subfield code="w">(DLC)sn 96091007</subfield><subfield code="w">(OCoLC)34798701</subfield></datafield></record>